<?xml version="1.0" encoding="UTF-8"?><collection xmlns="http://www.loc.gov/MARC21/slim"><record><leader>00388nam--2200157-i-4500</leader><controlfield tag="001">000003401</controlfield><controlfield tag="002">20161230</controlfield><controlfield tag="005">20170102220622</controlfield><controlfield tag="008">060222s1000------------r-----000-0-eng-d</controlfield><datafield ind1=" " ind2=" " tag="100"><subfield code="a">Dull, Ch. E</subfield></datafield><datafield ind1=" " ind2=" " tag="245"><subfield code="a">Modern physics</subfield></datafield><datafield ind1=" " ind2=" " tag="250"><subfield code="a">revised edition</subfield></datafield><datafield ind1=" " ind2=" " tag="260"><subfield code="a">New York</subfield><subfield code="b">Henry Holt And Co</subfield><subfield code="c">1949</subfield></datafield><datafield ind1=" " ind2=" " tag="490"><subfield code="a">X+601+XXVI p</subfield></datafield><datafield ind1=" " ind2=" " tag="700"><subfield code="a">Metcalfe, E. C</subfield></datafield><datafield ind1=" " ind2=" " tag="CAT"><subfield code="a">SYS</subfield><subfield code="c">20170102</subfield><subfield code="h">220622</subfield></datafield></record></collection>